%% This BibTeX bibliography file was created using BibDesk.
%% http://bibdesk.sourceforge.net/


%% Created for Luiz Ferreira at 2013-08-30 09:05:12 -0300 


%% Saved with string encoding Unicode (UTF-8) 



@article{takeda1990,
	Author = {Hideaki Takeda and Paul Veerkamp and Hiroyuki Yoshikawa},
	Date-Added = {2013-08-30 12:01:24 +0000},
	Date-Modified = {2013-08-30 12:03:08 +0000},
	Journal = {AI Magazine},
	Number = {4},
	Pages = {37-48},
	Title = {Modeling design process},
	Volume = {11},
	Year = {1990}}

@article{strohmaier2004,
	Author = {Markus Strohmaier and Klaus Tochtermann},
	Date-Added = {2013-08-30 11:59:24 +0000},
	Date-Modified = {2013-08-30 12:00:48 +0000},
	Title = {B-KIDE: A Framework and A Tool for Business Process Oriented Knowledge Infrastructure Development },
	Year = {2004}}

@article{wilson2002,
	Author = {T. D. Wilson},
	Date-Added = {2013-08-30 11:56:25 +0000},
	Date-Modified = {2013-08-30 11:57:56 +0000},
	Journal = {Information Research},
	Month = {10},
	Number = {1},
	Title = {The nonsense of knowledge management},
	Volume = {8},
	Year = {2002}}

@book{sensemaking1995,
	Author = {Karl E. Weick},
	Date-Added = {2013-08-30 11:54:48 +0000},
	Date-Modified = {2013-08-30 11:55:49 +0000},
	Month = {5},
	Publisher = {SAGE Publications},
	Title = {Sensemaking in organizations},
	Year = {1995}}

@article{owen1998,
	Author = {Charles  L. Owen and },
	Date-Added = {2013-08-30 11:52:52 +0000},
	Date-Modified = {2013-08-30 11:54:15 +0000},
	Journal = {Elsevier Science},
	Month = {1},
	Number = {1},
	Pages = {9-20},
	Title = {Design research: Building the knowledge base},
	Volume = {19},
	Year = {1998}}

@article{vaishnavi2004,
	Author = {V. Vaishnavi and W. Kuechler},
	Date-Added = {2013-08-30 11:49:01 +0000},
	Date-Modified = {2013-08-30 11:50:45 +0000},
	Journal = {IS WorldNet},
	Month = {1},
	Title = {Design research in information systems},
	Year = {2004}}

@article{heaphy2008,
	Author = {Emily D. Heaphy and Jane E. Dutton},
	Date-Added = {2013-08-30 11:47:14 +0000},
	Date-Modified = {2013-08-30 11:48:27 +0000},
	Journal = {Academy of Management Review},
	Number = {1},
	Pages = {137-162},
	Title = {Positive social interactions and the human body at work: Linking organizations and physiology},
	Volume = {33},
	Year = {2008}}

@article{campion1996,
	Author = {Michael A. Campion and Ellen M. Papper and Gina J. Medsker},
	Date-Added = {2013-08-30 11:45:08 +0000},
	Date-Modified = {2013-08-30 11:46:44 +0000},
	Journal = {Personnel Psychology},
	Month = {6},
	Pages = {429-452},
	Title = {Relations between work team characteristics and effectiveness: A replication and extension},
	Volume = {49},
	Year = {1996}}

@article{oswald2009,
	Author = {Andrew J. Oswald and Eugenio Proto and Daniel Sgroi},
	Date-Added = {2013-08-30 11:43:19 +0000},
	Date-Modified = {2013-08-30 11:44:54 +0000},
	Journal = {IZA Discussion Paper},
	Month = {12},
	Title = {Happiness and Productivity},
	Year = {2009}}

@book{emotional1996,
	Author = {Daniel Goleman},
	Date-Added = {2013-08-30 11:41:04 +0000},
	Date-Modified = {2013-08-30 11:42:43 +0000},
	Month = {12},
	Publisher = {Bantam Doubleday Dell Publishing Group},
	Title = {Emotional Intelligence},
	Year = {1996}}

@book{flow1998,
	Author = {Mihaly Csikszentmihalyi},
	Date-Added = {2013-08-30 11:39:01 +0000},
	Date-Modified = {2013-08-30 11:40:16 +0000},
	Month = {4},
	Publisher = {Basic Books},
	Rating = {4},
	Read = {1},
	Title = {Finding Flow},
	Year = {1998}}

@article{paludo2007,
	Author = {Simone dos Santos Paludo e S{\'\i}lvia Helena Koller},
	Date-Added = {2013-08-30 11:36:57 +0000},
	Date-Modified = {2013-08-30 11:38:33 +0000},
	Journal = {Paid{\'e}ia},
	Month = {4},
	Number = {36},
	Title = {Psicologia Positiva: uma nova abordagem para antigas quest{\~o}es},
	Volume = {17},
	Year = {2007}}

@book{peterson2004,
	Author = {Christopher Peterson and Martin E. P. Seligman},
	Date-Added = {2013-08-30 11:20:42 +0000},
	Date-Modified = {2013-08-30 11:24:43 +0000},
	Month = {4},
	Publisher = {American Psychological Association / Oxford University Press},
	Title = {Character Strengths and Virtues: A Classification and Handbook},
	Year = {2004}}

@article{patterson2007,
	Author = {Thomas G. Patterson and Stephen Joseph},
	Date-Added = {2013-08-30 11:16:27 +0000},
	Date-Modified = {2013-08-30 11:19:42 +0000},
	Journal = {Journal of Humanistic Psychology},
	Month = {1},
	Pages = {117-139},
	Rating = {0},
	Title = {Person-centered Personality Theory: Support from Self-determination Theory and Positive Psychology},
	Volume = {47},
	Year = {2007}}

@book{authentic2002,
	Author = {Martin E. P. Seligman},
	Date-Added = {2013-08-30 11:14:06 +0000},
	Date-Modified = {2013-08-30 11:15:25 +0000},
	Publisher = {Free Press},
	Title = {Authentic Happiness: Using the New Positive Psychology to Realize Your Potential for Lasting Fulfillment},
	Year = {2002}}

@article{sheldon2001,
	Author = {Kennon M. Sheldon and Laura King},
	Date-Added = {2013-08-30 11:07:50 +0000},
	Date-Modified = {2013-08-30 11:13:51 +0000},
	Journal = {American Psychologist},
	Month = {3},
	Number = {3},
	Pages = {216-217},
	Title = {Why Positive Psychology is Necessary},
	Volume = {56},
	Year = {2001}}

@book{flourish2012,
	Author = {Martin E. P. Seligman},
	Date-Added = {2013-08-30 10:59:54 +0000},
	Date-Modified = {2013-08-30 11:19:55 +0000},
	Publisher = {Atria Books},
	Rating = {4},
	Read = {1},
	Title = {Flourish: A Visionary New Understanding of Happiness and Well-being},
	Year = {2012}}
